@article{mdpi2023resnet,
  title={American Sign Language Alphabet Recognition Using Deep Learning and Transfer Learning Techniques},
  author={Mdpi},
  journal={Sensors},
  volume={23},
  number={18},
  year={2023},
  doi={10.3390/s23187970},
  url={https://www.mdpi.com/1424-8220/23/18/7970}
}

@article{techscience2022mobilenet,
  title={A Lightweight MobileNetV2 for American Sign Language Recognition},
  author={Techscience},
  journal={Intelligent Automation \& Soft Computing},
  volume={35},
  number={3},
  pages={493--508},
  year={2022},
  doi={10.32604/iasc.2022.026258},
  url={https://www.techscience.com/iasc/v35n3/49360}
}


@article{ncbi2022deepcnn,
  title={American Sign Language Recognition using a Deep Convolutional Neural Network with Data Augmentation},
  author={NCBI},
  journal={Journal of Medical Internet Research},
  volume={24},
  year={2022},
  url={https://pmc.ncbi.nlm.nih.gov/articles/PMC9078784/}
}



@article{mdpi2017neuromorphic,
  title={Neuromorphic Vision-Based Recognition of American Sign Language Letters using an FPGA},
  author={Mdpi},
  journal={Sensors},
  volume={17},
  number={10},
  pages={2176},
  year={2017},
  doi={10.3390/s17102176},
  url={https://www.mdpi.com/1424-8220/17/10/2176}
}
