@misc{deep_learning_alzheimers,
    title = {A Deep Learning Approach for Automated Diagnosis and Multi-Class Classification of Alzheimer's Disease Stages Using Resting-State fMRI and Residual Neural Networks},
    howpublished = {\url{https://www.researchgate.net/publication/336642248_A_Deep_Learning_Approach_for_Automated_Diagnosis_and_Multi-Class_Classification_of_Alzheimer's_Disease_Stages_Using_Resting-State_fMRI_and_Residual_Neural_Networks}},
    note = {Accessed: 2025-05-09}
}