@misc{denseSparseStateEstimation,
    title        = {Leveraging Sparse and Dense Features for Reliable State Estimation in Urban Environments},
    howpublished = {\url{https://www.researchgate.net/publication/334170752_Leveraging_Sparse_and_Dense_Features_for_Reliable_State_Estimation_in_Urban_Environments}},
    note         = {Accessed: 2023-10-07}
}